@book{ab08,
  author    = {Abramenko, Peter and Brown, Kenneth},
  title     = {Buildings},
  series    = {Graduate Texts in Mathematics},
  volume    = {248},
  publisher = {Springer},
  year      = {2008}
}

@book{b91,
  author    = {Borel, Armand},
  title     = {Linear algebraic groups},
  series    = {Graduate Texts in Mathematics},
  volume    = {126},
  edition   = {Second},
  publisher = {Springer-Verlag},
  year      = {1991}
}

@book{b02,
  author    = {Bourbaki, Nicolas},
  title     = {Lie groups and {L}ie algebras. {C}hapters 4--6},
  series    = {Elements of mathematics},
  note      = {Translated from the 1968 French original by Andrew Pressley},
  publisher = {Springer-Verlag},
  year      = {2002}
}

@book{b03,
  author    = {Bourbaki, Nicolas},
  title     = {Algebra {II}. {C}hapters 4--7},
  series    = {Elements of mathematics},
  note      = {Translated from the 1981 French edition by P. Cohn and J. Howie},
  publisher = {Springer-Verlag},
  year      = {2003}
}

@article{bcgr13,
  author  = {Bardy-Panse, Nicole and Charignon, Cyril and Gaussent, St{\'e}phane and Rousseau, Guy},
  title   = {Une preuve plus immobili\`ere du th\'eor\`eme de ``saturation'' de {K}apovich-{L}eeb-{M}illson},
  journal = {Enseign. Math. (2)},
  volume  = {59},
  year    = {2013},
  number  = {1-2},
  pages   = {3--37}
}

@article{bk10,
  author  = {Belkale, Prakash and Kumar, Shrawan},
  title   = {Eigencone, saturation and {H}orn problems for symplectic and odd orthogonal groups},
  journal = {J. Algebraic Geom.},
  volume  = {19},
  year    = {2010},
  number  = {2},
  pages   = {1999--242}
}

@book{bsu13,
  author    = {Brion, Michel and Samuel, Preena and Uma, B.},
  title     = {Lecture on the structure of algebraic groups and geometric applications},
  series    = {CMI Lecture Series in Mathematics},
  volume    = {1},
  publisher = {Hindustan Book Agency},
  year      = {2013}
}

@article{bt72,
  author  = {Bruhat, F. and Tits, J.},
  title   = {Groupes r\'eductifs sur un corps local},
  journal = {Inst. Hautes \'Etudes Sci. Publ. Math.},
  number  = {41},
  year    = {1972},
  pages   = {5--251}
}

@article{bt84,
  author  = {Bruhat, F. and Tits, J.},
  title   = {Groupes r\'eductifs sur un corps local. {II}. {S}ch\'emas en groupes. {E}xistence d'une donn\'ee radicielle valu\'ee},
  journal = {Inst. Hautes \'Etudes Sci. Publ. Math.},
  number  = {60},
  year    = {1984},
  pages   = {197--376}
}

@book{cgp10,
  author    = {Conrad, Brian and Gabber, Ofer and Prasad, Gopal},
  title     = {Pseudo-reductive groups},
  series    = {New Mathematical Monographs},
  volume    = {17},
  publisher = {Cambridge University Press},
  year      = {2010}
}

@article{demarche,
  author = {Demarche, Cyril},
  title  = {Cohomologie de Hochschild non ab\'elienne et extensions de faisceaux en groupes},
  note   = {To appear in ``Autour des sch\'emas en groupes.'' Currently available at \url{http://www.math.ens.fr/~gille/actes/demarche.pdf}},
  publisher = {SMF},
  series = {Panorames et Synth\`ese}
}

@article{dl76,
  author  = {Deligne, P. and Lusztig, G.},
  title   = {Representations of reductive groups over finite fields},
  journal = {Ann. of Math. (2)},
  volume  = {103},
  year    = {1976},
  number  = {1},
  pages   = {103--161}
}

@book{dg80,
  author    = {Demazure, Michel and Gabriel, Peter},
  title     = {Introduction to algebraic geometry and algebraic groups},
  series    = {North-Holland Mathematics Studies},
  volume    = {39},
  note      = {Translated from the French by J. Bell},
  publisher = {North-Holland Publishing Co.},
  year      = {1980}
}

@article{dw00,
  author  = {Derksen, Harm and Weyman, Jerzy},
  title   = {Semi-invariants of quivers and saturation for {L}ittlewood-{R}ichardson coefficients},
  journal = {J. Amer. Math. Soc.},
  volume  = {13},
  year    = {2000},
  number  = {3},
  pages   = {467--479 (electronic)}
}

@book{ega4,
  mylabel = {EGA 4},
  title   = {\'{E}l\'ements de g\'eometrie alg\'ebrique. {IV}. \'{E}tude locale des sch\'emas et des morphismes de sch\'emmas},
  journal = {Inst. Hautes \'Etudes Sci. Publ. Math.},
  number  = {20, 24, 28, 32},
  year    = {1964--1967}
}

@article{g55,
  author  = {Green, J. A.},
  title   = {The characters of the finite general linear groups},
  journal = {Trans. Amer. Math. Soc.},
  volume  = {0},
  year    = {1955},
  pages   = {402--447}
}

@article{gi63,
  author  = {Goldman, O. and Iwahori, N.},
  title   = {The space of {$\mathfrak p$}-adic norms},
  journal = {Acta Math.},
  volume  = {109},
  year    = {1963},
  pages   = {137--177}
}

@article{gp03,
  author  = {Gordeev, Nikolai and Popov, Vladimir},
  title   = {Automorphism groups of finite dimensional simple algebras},
  journal = {Ann. of Math. (2)},
  volume  = {158},
  year    = {2003},
  number  = {3},
  pages   = {1041--1065}
}

@book{htt08,
  author    = {Hotta, Ryoshi and Takeuchi, Kiyoshi and Tanisaki, Toshiyuki},
  title     = {{$D$}-modules, perverse sheaves, and representation theory},
  series    = {Progress in Mathematics},
  volume    = {236},
  note      = {Translated from the 1995 Japanese edition by Takeuchi},
  publisher = {Birkh\"auser},
  address   = {Boston, MA},
  year      = {2008}
}

@article{j07,
  author  = {Jordan, Herbert},
  title   = {Group-characters of various types of linear groups},
  journal = {Amer. J. Math.},
  volume  = {29},
  year    = {1907},
  number  = {4},
  pages   = {387--405}
}

@article{kl79,
  author  = {Kazhdan, David and Lusztig, George},
  title   = {Representations of {C}oxeter groups and {H}ecke algebras},
  journal = {Invent. Math.},
  volume  = {53},
  year    = {1979},
  number  = {2},
  pages   = {165--184}
}

@incollection{kl80,
  author    = {Kazhdan, David and Lusztig, George},
  title     = {Schubert varieties and {P}oincar\'e duality},
  booktitle = {Geometry of the {L}aplace operator},
  series    = {Proc. Sympos. Pure Math.},
  volume    = {36},
  pages     = {185--203}
}

@article{km08,
  author  = {Kapovich, Michael and Millson, John},
  title   = {A path model for geodesics in {E}uclidean buildings and its applications to representation theory},
  journal = {Groups Geom. Dyn.},
  volume  = {2},
  year    = {2008},
  number  = {3},
  pages   = {405--480}
}

@article{kt99,
  author  = {Knutson, Allen and Tao, Terence},
  title   = {The honeycomb model of {$\mathrm{GL}_n(\mathbf{C})$} tensor products. {I}. {P}roof of the saturation conjecture},
  journal = {J. Amer. Math. Soc.},
  volume  = {12},
  year    = {1999},
  number  = {4},
  pages   = {1055--1090}
}

@article{l94,
  author  = {Littelmann, Peter},
  title   = {On spherical double cones},
  journal = {J. Algebra},
  volume  = {166},
  year    = {1994},
  number  = {1},
  pages   = {142--157}
}

@book{m71,
  author    = {Macdonald, I. G.},
  title     = {Spherical functions on a group of {$p$}-adic type},
  publisher = {Ramanujan Institute},
  year      = {1971}
}

@book{m08,
  author    = {Mumford, David},
  title     = {Abelian varieties},
  series    = {Tata Institute of Fundamental Research Studies in Mathematics},
  volume    = {5},
  edition   = {Second},
  publisher = {Tata Institute},
  year      = {2008}
}

@article{m14,
  author = {Milne, James},
  title  = {A proof of the {B}arsotti-{C}hevalley theorem on algebraic groups},
  year   = {2013},
  note   = {\texttt{arXiv:1311.6060}}
}

@book{m95,
  author    = {Macdonald, I. G.},
  title     = {Symmetric functions and {H}all polynomials},
  series    = {Oxford Mathematical Monographs},
  edition   = {Second},
  note      = {With contributions by A. Zelevinsky},
  publisher = {The Claredon Press},
  address   = {New York},
  year      = {1995}
}

@misc{milneAGS,
  author = {Milne, James S.},
  title  = {Basic theory of affine group schemes},
  year   = {2012},
  note   = {Available at \url{www.jmilne.org/math/}}
}

@article{r56,
  author  = {Rosenlicht, Maxwell},
  title   = {Some basic theorems on algebraic groups},
  journal = {Amer. J. Math.},
  volume  = {78},
  year    = {1956},
  pages   = {401--443}
}

@book{r70,
  author    = {Raynaud, Michel},
  title     = {Anneaux locaux hens\'eliens},
  series    = {Lecture Notes in Mathematics},
  volume    = {169},
  publisher = {Springer-Verlag},
  year      = {1970}
}

@book{r77,
  author    = {Rousseau, Guy},
  title     = {Immeubles des groupes r\'eductifs sur les corps locaux},
  note      = {Th\'ese de doctorat},
  series    = {Publications Math\'ematiques d'Orsay},
  volume    = {68},
  publisher = {U.E.R. Math\'ematique},
  year      = {1977},
  pages     = {221-277}
}

@article{s07,
  author  = {Schur, Issai},
  title   = {Untersuchungen \"uber die darstellungen der endlichen gruppen durch gebrochene lineare substitutionen},
  journal = {J. Reine Angew. Math.},
  volume  = {132},
  year    = {1907},
  pages   = {85--137}
}

@book{s09,
  author    = {Springer, T. A.},
  title     = {Linear algebraic groups},
  series    = {Modern Birkh\"auser Classics},
  edition   = {Second},
  publisher = {Birkh\"auser},
  year      = {2009}
}

@article{s95a,
  author  = {Shoji, Toshiaki},
  title   = {Irreducible characters of finite {C}hevalley groups},
  journal = {Sugaku},
  volume  = {47},
  year    = {1995},
  number  = {3},
  pages   = {241--255}
}

@article{s95b,
  author  = {Shoji, Toshiaki},
  title   = {Character sheaves and almost characters of reductive groups. {I}, {II}},
  journal = {Adv. Math.},
  volume  = {111},
  year    = {1995},
  number  = {2},
  pages   = {244--313, 314--354}
}

@book{sga3,
  mylabel = {SGA 3},
  author = {M. Demazure and A. Grothendieck and M. Artin and J.-E. Bertin and P. Gabriel and M. Raynaud and J-P. Serre},
  title  = {Sch\'emas en groupes ({SGA} 3)}
}

@incollection{v05,
  author    = {Vistoli, Angelo},
  title     = {Grothendieck topologies, fibered categories and descent theory},
  booktitle = {Fundamental algebraic geometry},
  series    = {Math. Surveys Monogr},
  volume    = {123},
  pages     = {1--104},
  publisher = {Amer. Math. Soc.},
  year      = {2005}
}

@article{w04a,
  author  = {Waldspurger, Jean-Loup},
  title   = {Une conjecture de {L}usztig pour les groupes classiques},
  journal = {M\'em. Soc. Math. Fr. (N.S.)},
  number  = {96},
  year    = {2004}
}

@incollection{w04b,
  author    = {Waldspurger, Jean-Loup},
  title     = {Repr\'esentation de r\'eduction unipotente pour {$\mathrm{SO}(2n+1)$}: quelques cons\'equences d'un article de {L}usztig},
  booktitle = {Contributions to automorphic forms, geometry, and number theory},
  pages     = {803--910},
  publisher = {Johns Hopkins Univ. Press},
  year      = {2004}
}
