@book{htt08,
  author    = {Hotta, Ryoshi and Takeuchi, Kiyoshi and Tanisaki, Toshiyuki},
  title     = {{$D$}-modules, perverse sheaves, and representation theory},
  series    = {Progress in Mathematics},
  volume    = {236},
  note      = {Translated from the 1995 Japanese edition by Takeuchi},
  publisher = {Birkh\"auser},
  address   = {Boston, MA},
  year      = {2008}
}

@article{kl79,
  author  = {Kazhdan, David and Lusztig, George},
  title   = {Representations of {C}oxeter groups and {H}ecke algebras},
  journal = {Invent. Math.},
  volume  = {53},
  year    = {1979},
  number  = {2},
  pages   = {165--184}
}

@incollection{kl80,
  author    = {Kazhdan, David and Lusztig, George},
  title     = {Schubert varieties and {P}oincar\'e duality},
  booktitle = {Geometry of the {L}aplace operator},
  series    = {Proc. Sympos. Pure Math.},
  volume    = {36},
  pages     = {185--203}
}

@book{m95,
  author    = {Macdonald, I. G.},
  title     = {Symmetric functions and {H}all polynomials},
  series    = {Oxford Mathematical Monographs},
  edition   = {Second},
  note      = {With contributions by A. Zelevinsky},
  publisher = {The Claredon Press},
  address   = {New York},
  year      = {1995}
}
